@article{wattenberg2016how,
    author = {Wattenberg, Martin and Vi√©gas, Fernanda and Johnson, Ian},
    title = {How to Use t-SNE Effectively},
    journal = {Distill},
    year = {2016},
    url = {http://distill.pub/2016/misread-tsne},
    doi = {10.23915/distill.00002}
}

@article{house2015bayesian,
    title={Bayesian visual analytics: Bava},
    author={House, Leanna and Leman, Scotland and Han, Chao},
    journal={Statistical Analysis and Data Mining: The ASA Data Science Journal},
    volume={8},
    number={1},
    pages={1--13},
    year={2015},
    publisher={Wiley Online Library}
}

@article{logeswaran2018efficient,
    title={An efficient framework for learning sentence representations},
    author={Logeswaran, Lajanugen and Lee, Honglak},
    journal={arXiv preprint arXiv:1803.02893},
    year={2018}
}

@article{arora2019theoretical,
    title={A Theoretical Analysis of Contrastive Unsupervised Representation Learning},
    author={Arora, Sanjeev and Khandeparkar, Hrishikesh and Khodak, Mikhail and Plevrakis, Orestis and Saunshi, Nikunj},
    journal={arXiv preprint arXiv:1902.09229},
    year={2019}
}

@inproceedings{schroff2015facenet,
    title={Facenet: A unified embedding for face recognition and clustering},
    author={Schroff, Florian and Kalenichenko, Dmitry and Philbin, James},
    booktitle={Proceedings of the IEEE conference on computer vision and pattern recognition},
    pages={815--823},
    year={2015}
}

@article{bishop2013model,
    title={Model-based machine learning},
    author={Bishop, Christopher M},
    journal={Philosophical Transactions of the Royal Society A},
    volume={371},
    year={2013},
    publisher={The Royal Society}
}


@article{brochu2010tutorial,
    title={A tutorial on Bayesian optimization of expensive cost functions, with application to active user modeling and hierarchical reinforcement learning},
    author={Brochu, Eric and Cora, Vlad M and De Freitas, Nando},
    journal={arXiv preprint arXiv:1012.2599},
    year={2010}
}


@article{kingma2013auto,
    title={Auto-encoding variational bayes},
    author={Kingma, Diederik P and Welling, Max},
    journal={Proceedings of the 2nd International Conference on Learning Representations (ICLR)},
    year={2013}
}

@inproceedings{lawrence2004gaussian,
    title={Gaussian process latent variable models for visualisation of high dimensional data},
    author={Lawrence, Neil D},
    booktitle={Advances in neural information processing systems},
    pages={329--336},
    year={2004}
}

@article{lawrence2005probabilistic,
    title={Probabilistic non-linear principal component analysis with Gaussian process latent variable models},
    author={Lawrence, Neil},
    journal={Journal of machine learning research},
    volume={6},
    number={Nov},
    pages={1783--1816},
    year={2005}
}


@inproceedings{kingma2014semi,
    title={Semi-supervised learning with deep generative models},
    author={Kingma, Durk P and Mohamed, Shakir and Rezende, Danilo Jimenez and Welling, Max},
    booktitle={Advances in neural information processing systems},
    pages={3581--3589},
    year={2014}
}


@article{tipping1999mixtures,
    title={Mixtures of probabilistic principal component analyzers},
    author={Tipping, Michael E and Bishop, Christopher M},
    journal={Neural computation},
    volume={11},
    number={2},
    pages={443--482},
    year={1999},
    publisher={MIT Press}
}

@inproceedings{endert2011observation,
    title={Observation-level interaction with statistical models for visual analytics},
    author={Endert, Alex and Han, Chao and Maiti, Dipayan and House, Leanna and North, Chris},
    booktitle={2011 IEEE conference on visual analytics science and technology (VAST)},
    pages={121--130},
    year={2011},
    organization={IEEE}
}


@book{rasmussen2005gp,
    author = {Rasmussen, Carl Edward and Williams, Christopher K. I.},
    title = {Gaussian Processes for Machine Learning (Adaptive Computation and Machine Learning)},
    year = {2005},
    isbn = {026218253X},
    publisher = {The MIT Press},
} 

@article{olah2018the,
    author = {Olah, Chris and Satyanarayan, Arvind and Johnson, Ian and Carter, Shan and Schubert, Ludwig and Ye, Katherine and Mordvintsev, Alexander},
    title = {The Building Blocks of Interpretability},
    journal = {Distill},
    year = {2018},
    note = {https://distill.pub/2018/building-blocks},
    doi = {10.23915/distill.00010}
}

@article{olah2017feature,
    author = {Olah, Chris and Mordvintsev, Alexander and Schubert, Ludwig},
    title = {Feature Visualization},
    journal = {Distill},
    year = {2017},
    note = {https://distill.pub/2017/feature-visualization},
    doi = {10.23915/distill.00007}
}

@inproceedings{sohn2015learning,
  title={Learning structured output representation using deep conditional generative models},
  author={Sohn, Kihyuk and Lee, Honglak and Yan, Xinchen},
  booktitle={Advances in neural information processing systems},
  pages={3483--3491},
  year={2015}
}
    
@article{bengio2013representation,
    title={Representation learning: A review and new perspectives},
    author={Bengio, Yoshua and Courville, Aaron and Vincent, Pascal},
    journal={IEEE transactions on pattern analysis and machine intelligence},
    volume={35},
    number={8},
    pages={1798--1828},
    year={2013},
    publisher={IEEE}
}

@book{munzner2014visualization,
    title={Visualization analysis and design},
    author={Munzner, Tamara},
    year={2014},
    publisher={AK Peters/CRC Press}
}

@article{Sacha2017Interaction,
    title={Visual Interaction with Dimensionality Reduction: A Structured Literature Analysis},
    IGNOREauthor={Dominik Sacha and Leishi Zhang and Michael Sedlmair and John Aldo Lee and Jaakko Peltonen and Daniel Weiskopf and Stephen C. North and Daniel A. Keim},
    author={Dominik Sacha and others},
    journal={IEEE Trans. Vis. Comput. Graphics},
    year={2017},
    volume={23},
    pages={241-250}
}

@article{Kim2016InterAxis,
    title={InterAxis: Steering Scatterplot Axes via Observation-Level Interaction},
    author={Hannah Kim and Jaegul Choo and Haesun Park and Alex Endert},
    journal={IEEE Transactions on Visualization and Computer Graphics},
    year={2016},
    volume={22},
    pages={131-140}
}

@inproceedings{cavallo2017FWBW,
    title={Exploring Dimensionality Reductions with Forward and Backward Projections},
    author={Marco Cavallo AND \c{C}a\u{g}atay Demiralp},
    booktitle={Procs. Workshop on Interactive Data Exploration and Analytics (IDEA)
               at KDD},
    year={2017}
}

@article{maaten2008tsne,
    title={Visualizing data using t-SNE},
    author={van der Maaten, Laurens and Hinton, Geoffrey},
    journal={J. Mach. Learn. Res.},
    volume={9},
    number={Nov},
    pages={2579--2605},
    year={2008}
}

@article{tipping1999ppca,
    title={Probabilistic principal component analysis},
    author={Tipping, Michael E and Bishop, Christopher M},
    journal={Journal of the Royal Statistical Society: Series B (Statistical Methodology)},
    volume={61},
    number={3},
    pages={611--622},
    year={1999},
}
