@article{bengio2013representation,
  title={Representation learning: A review and new perspectives},
  author={Bengio, Yoshua and Courville, Aaron and Vincent, Pascal},
  journal={IEEE transactions on pattern analysis and machine intelligence},
  volume={35},
  number={8},
  pages={1798--1828},
  year={2013},
  publisher={IEEE}
}

@book{munzner2014visualization,
  title={Visualization analysis and design},
  author={Munzner, Tamara},
  year={2014},
  publisher={AK Peters/CRC Press}
}

@article{Sacha2017Interaction,
  title={Visual Interaction with Dimensionality Reduction: A Structured Literature Analysis},
  IGNOREauthor={Dominik Sacha and Leishi Zhang and Michael Sedlmair and John Aldo Lee and Jaakko Peltonen and Daniel Weiskopf and Stephen C. North and Daniel A. Keim},
  author={Dominik Sacha and others},
  journal={IEEE Trans. Vis. Comput. Graphics},
  year={2017},
  volume={23},
  pages={241-250}
}

@article{Kim2016InterAxis,
  title={InterAxis: Steering Scatterplot Axes via Observation-Level Interaction},
  author={Hannah Kim and Jaegul Choo and Haesun Park and Alex Endert},
  journal={IEEE Transactions on Visualization and Computer Graphics},
  year={2016},
  volume={22},
  pages={131-140}
}

@article{cavallo2017FWBW,
  title={Exploring Dimensionality Reductions with Forward and Backward Projections},
  author={Cavallo, Marco and Demiralp, {\c{C}}a{\u{g}}atay},
  journal={arXiv preprint arXiv:1707.04281},
  year={2017}
}

@article{maaten2008tsne,
  title={Visualizing data using t-SNE},
  author={van der Maaten, Laurens and Hinton, Geoffrey},
  journal={J. Mach. Learn. Res.},
  volume={9},
  number={Nov},
  pages={2579--2605},
  year={2008}
}

@article{tipping1999ppca,
  title={Probabilistic principal component analysis},
  author={Tipping, Michael E and Bishop, Christopher M},
  journal={Journal of the Royal Statistical Society: Series B (Statistical Methodology)},
  volume={61},
  number={3},
  pages={611--622},
  year={1999},
}