@article{sacha2014knowledge,
  title={Knowledge generation model for visual analytics},
  author={Sacha, Dominik and Stoffel, Andreas and Stoffel, Florian and Kwon, Bum Chul and Ellis, Geoffrey and Keim, Daniel A},
  journal={IEEE transactions on visualization and computer graphics},
  volume={20},
  number={12},
  pages={1604--1613},
  year={2014},
  publisher={IEEE}
}

@article{Sacha2017Interaction,
  title={Visual Interaction with Dimensionality Reduction: A Structured Literature Analysis},
  author={Dominik Sacha and Leishi Zhang and Michael Sedlmair and John Aldo Lee and Jaakko Peltonen and Daniel Weiskopf and Stephen C. North and Daniel A. Keim},
  journal={IEEE Transactions on Visualization and Computer Graphics},
  year={2017},
  volume={23},
  pages={241-250}
}

@article{maaten2008tsne,
  title={Visualizing data using t-SNE},
  author={Maaten, Laurens van der and Hinton, Geoffrey},
  journal={Journal of Machine Learning Research},
  volume={9},
  number={Nov},
  pages={2579--2605},
  year={2008}
}


@inproceedings{van2012ste,
  title={Stochastic triplet embedding},
  author={Van Der Maaten, Laurens and Weinberger, Kilian},
  booktitle={Machine Learning for Signal Processing (MLSP), 2012 IEEE International Workshop on},
  pages={1--6},
  year={2012},
  organization={IEEE}
}

@article{cavallo2017FWBW,
  title={Exploring Dimensionality Reductions with Forward and Backward Projections},
  author={Cavallo, Marco and Demiralp, {\c{C}}a{\u{g}}atay},
  journal={arXiv preprint arXiv:1707.04281},
  year={2017}
}

@article{Kim2016InterAxis,
  title={InterAxis: Steering Scatterplot Axes via Observation-Level Interaction},
  author={Hannah Kim and Jaegul Choo and Haesun Park and Alex Endert},
  journal={IEEE Transactions on Visualization and Computer Graphics},
  year={2016},
  volume={22},
  pages={131-140}
}

@inproceedings{wagstaff2001constrained,
  title={Constrained k-means clustering with background knowledge},
  author={Wagstaff, Kiri and Cardie, Claire and Rogers, Seth and Schr{\"o}dl, Stefan and others},
  booktitle={ICML},
  volume={1},
  pages={577--584},
  year={2001}
}

@inproceedings{bar2003learning,
  title={Learning distance functions using equivalence relations},
  author={Bar-Hillel, Aharon and Hertz, Tomer and Shental, Noam and Weinshall, Daphna},
  booktitle={Proceedings of the 20th International Conference on Machine Learning (ICML-03)},
  pages={11--18},
  year={2003}
}

@inproceedings{xing2003distance,
  title={Distance metric learning with application to clustering with side-information},
  author={Xing, Eric P and Jordan, Michael I and Russell, Stuart J and Ng, Andrew Y},
  booktitle={Advances in neural information processing systems},
  pages={521--528},
  year={2003}
}

@inproceedings{basu2004active,
  title={Active semi-supervision for pairwise constrained clustering},
  author={Basu, Sugato and Banerjee, Arindam and Mooney, Raymond J},
  booktitle={Proceedings of the 2004 SIAM international conference on data mining},
  pages={333--344},
  year={2004},
  organization={SIAM}
}

@inproceedings{davidson2005clustering,
  title={Clustering with constraints: Feasibility issues and the k-means algorithm},
  author={Davidson, Ian and Ravi, SS},
  booktitle={Proceedings of the 2005 SIAM international conference on data mining},
  pages={138--149},
  year={2005},
  organization={SIAM}
}

@article{demiriz2008using,
  title={Using assignment constraints to avoid empty clusters in k-means clustering},
  author={Demiriz, Ayhan and Bennett, Kristin P and Bradley, Paul S},
  journal={Constrained clustering: advances in algorithms, theory, and applications},
  pages={201},
  year={2008},
  publisher={Chapman \& Hall}
}

@article{banerjee2008clustering,
  title={Clustering with balancing constraints},
  author={Banerjee, Arindam and Ghosh, Joydeep},
  journal={Constrained clustering: advances in algorithms, theory, and applications},
  pages={171},
  year={2008}
}

@article{kumar2008semisupervised,
  title={Semisupervised clustering with metric learning using relative comparisons},
  author={Kumar, Nimit and Kummamuru, Krishna},
  journal={IEEE Transactions on Knowledge and Data Engineering},
  volume={20},
  number={4},
  pages={496--503},
  year={2008},
  publisher={IEEE}
}

@article{tang2007pairwise,
  title={Pairwise constraints-guided dimensionality reduction},
  author={Tang, Wei and Zhong, Shi},
  journal={Computational Methods of Feature SelectionChapman and Hall, CRC},
  pages={295--312},
  year={2007}
}

@inproceedings{zhang2007ssdr,
  title={Semi-supervised dimensionality reduction},
  author={Zhang, Daoqiang and Zhou, Zhi-Hua and Chen, Songcan},
  booktitle={Proceedings of the 2007 SIAM International Conference on Data Mining},
  pages={629--634},
  year={2007},
  organization={SIAM}
}

@inproceedings{davidson2009gcdr,
  title={Knowledge Driven Dimension Reduction for Clustering.},
  author={Davidson, Ian},
  booktitle={IJCAI},
  pages={1034--1039},
  year={2009}
}

@inproceedings{cevikalp2008CLPP,
  title={Semi-supervised dimensionality reduction using pairwise equivalence constraints},
  author={Cevikalp, Hakan and Verbeek, Jakob and Jurie, Fr{\'e}d{\'e}ric and Klaser, Alexander},
  booktitle={VISAPP'08-3rd International Conference on Computer Vision Theory and Applications},
  volume={1},
  pages={489--496},
  year={2008},
  organization={INSTICC}
}

@inproceedings{Endert2017SOTA,
  title={The State of the Art in Integrating Machine Learning into Visual Analytics},
  author={A. Endert and W. Ribarsky and C. Turkay and B. L. William Wong and I. Nabney and F. Rossi},
  year={2017}
}

@article{Sacha2017Interaction,
  title={Visual Interaction with Dimensionality Reduction: A Structured Literature Analysis},
  author={Dominik Sacha and Leishi Zhang and Michael Sedlmair and John Aldo Lee and Jaakko Peltonen and Daniel Weiskopf and Stephen C. North and Daniel A. Keim},
  journal={IEEE Transactions on Visualization and Computer Graphics},
  year={2017},
  volume={23},
  pages={241-250}
}